@Article{foster,
  author =       {Foster, L, Andrea},
  title =        {Plagiarism-Detection Tool Creates Legal Quandary},
  journal =      {The chronicle of higher education},
  year =         {2002},
  volume =       {67(5)},
  pages =        {46â€“50}
}

@Article{warn,
  author =       {James Warn},
  title =        {Plagiarism software: no magic bullet!},
  journal =      {Higher Education Research \& Development},
  year =         {2007},
  pages =        {195-208}
}

@book{progit,
  author =       {Scott Chacon and Ben Straub},
  title =        {Pro Git},
  address =      {Pamekasan},
  publisher =    {Apress},
  year =         {2014}
}
